@misc{Nakamoto2008,
author={Satoshi Nakamoto},
title={{B}itcoin: {A} {P}eer-to-{P}eer {E}lectronic {C}ash {S}ystem},
year=2008
}

@misc{Bruce2014,
author={J. D. Bruce},
title={The {M}ini-{B}lockchain {S}cheme},
url={cryptonite.info},
month={July},
year=2014
}

@MISC{sec2final,
author = "Certicom Research",
title = "SEC 2: Recommended Elliptic Curve Domain Parameters",
year = "2000",
note = "Version 1.0"
}

@book{Pierce:SF,
  author = {Benjamin C. Pierce and Chris Casinghino and Marco Gaboardi and
                  Michael Greenberg and C\v{a}t\v{a}lin Hri\c{t}cu 
                  and Vilhelm Sjoberg and Brent Yorgey},
  title = {Software Foundations},
  year = {2014},
  publisher = {Electronic textbook},
  plclub = {Yes},
  bcp = {Yes},
  keys = {poplmark,books},
  url = "www.cis.upenn.edu/~bcpierce/sf"
}

@book{BC04,
  author = {Yves Bertot and Pierre Cast\'eran},
  title = {Interactive Theorem Proving and Program Development. Coq'Art: The Calculus of Inductive Constructions},
  year = {2004},
  publisher = {Springer},
  url = "www.labri.fr/perso/casteran/CoqArt/index.html"
}

@misc{Smolka14,
  author = {Gert Smolka and Chad E. Brown},
  title = {Introduction to {C}omputational {L}ogic (Lecture Notes)},
  url = "www.ps.uni-saarland.de/courses/cl-ss14/script/icl.pdf",
  year = 2014
}

@misc{Brown2014,
author={Chad E. Brown},
title={{T}he {E}gal {M}anual},
month=sep,
year=2014
}

@book{chlipalacpdt2011,
  author = {Adam Chlipala},
  title = {Certified Programming with Dependent Types},
  publisher = {MIT Press},
  year = 2011,
  url = "adam.chlipala.net/cpdt/"
}

@Book{BertotCasteran2004,
author={Yves Bertot and Pierre Cast\'eran},
title={Interactive Theorem Proving and Program Development.
Coq'Art: The Calculus of Inductive Constructions},
series={Texts in Theoretical Computer Science. An EATCS Series},
publisher={Springer},
isbn={3-540-20854-2},
year=2004
}

@Manual{Coq:manual,
  title =        {The Coq proof assistant reference manual},
  author =       {\mbox{The Coq development team}},
  organization = {LogiCal Project},
  note =         {Version 8.4},
  year =         {2012},
  url =          "coq.inria.fr"
}

@Misc{NistSha,
  title = {{FIPS PUB 180-4: Secure Hash Standard (SHS)}},
  author = {NIST},
  organization = {National Institute of Standards and Technology},
  url = "csrc.nist.gov/publications/fips/fips-180-4/fips-180-4.pdf"
}

@inproceedings{Merkle1980,
year={April 1980},
title={Protocols for public key cryptosystems},
author={Ralph C. Merkle},
booktitle={Proc. 1980 Symposium on Security and Privacy},
publisher={IEEE Computer Society},
pages={122--133}
}

@incollection{Merkle1988,
year={1988},
isbn={978-3-540-18796-7},
booktitle={Advances in Cryptology — CRYPTO ’87},
volume={293},
series={Lecture Notes in Computer Science},
editor={Pomerance, Carl},
doi={10.1007/3-540-48184-2_32},
title={A Digital Signature Based on a Conventional Encryption Function},
url="dx.doi.org/10.1007/3-540-48184-2_32",
publisher={Springer Berlin Heidelberg},
author={Ralph C. Merkle},
pages={369-378},
language={English}
}

@Misc{ConsensusResearch,
  author={Consensus Research},
  title={Github Repo},
  note="{\tt{github.com/ConsensusResearch}}",
  year=2014
}

@Misc{multibranch,
  author={andruiman},
  title={Po{S} forging algorithms: formal approach and multibranch forging},
  note="{\tt{github.com/ConsensusResearch/articles-papers/blob/master/multibranch/multibranch.pdf}}",
  year=2014
}

@Misc{multistrategy,
  author={andruiman},
  title={Po{S} forging algorithms: multi-strategy forging and related security issues},
  url="github.com/ConsensusResearch/articles-papers/blob/master/multistrategy/multistrategy.pdf",
  year=2014
}

@misc{KingNadal2012,
author={Sunny King and Scott Nadal},
title={{PPC}oin: {P}eer-to-{P}eer {C}rypto-{C}urrency with {P}roof-of-{S}take},
year=2012
}

@misc{Nxt,
author={The Nxt community},
tutile={Nxt Whitepaper, Revision 4},
month={July},
year=2014
}

@misc{andruiman2014,
author={andruiman},
title={{N}xt forging algorithm: simulating approach},
month={October},
year=2014
}

@misc{Buterin2014,
author={Vitalik Buterin},
title={{P}roof of {S}take: {H}ow {I} {L}earned to {L}ove {W}eak {S}ubjectivity},
url={https://blog.ethereum.org/2014/11/25/proof-stake-learned-love-weak-subjectivity/},
month={November},
year=2014
}

@misc{Chepurnoy2014a,
author={Alexander Chepurnoy},
title={{I}nside a {P}roof-of-{S}take {C}ryptocurrency {P}art 1: {B}asic {S}tructures},
url={http://chepurnoy.org/blog/2014/10/inside-a-proof-of-stake-cryptocurrency-part-1/},
year=2014
}

@misc{Chepurnoy2014b,
author={Alexander Chepurnoy},
title={{I}nside a {P}roof-of-{S}take {C}ryptocurrency {P}art 2: {F}orging {A}lgorithm},
url={http://chepurnoy.org/blog/2014/10/inside-a-proof-of-stake-cryptocurrency-part-2/},
year=2014
}

@misc{Chepurnoy2014c,
author={Alexander Chepurnoy},
title={{I}nside a {P}roof-of-{S}take {C}ryptocurrency {P}art 3: {A} {L}ocal {L}edger},
url={http://chepurnoy.org/blog/2014/11/inside-a-proof-of-stake-cryptocurrency-part-3/},
year=2014
}

@misc{Chepurnoy2014d,
author={Alexander Chepurnoy},
title={{I}nside a {P}roof-of-{S}take {C}ryptocurrency {P}art 4: {T}he {E}xecutable {F}orging {S}imulation},
url={http://chepurnoy.org/blog/2014/12/inside-a-proof-of-stake-cryptocurrency-part-4/},
year=2014
}

@misc{Spinoff,
author={Peter R},
title={Spin-offs: bootstrap your alt-coin with a bitcoin-blockchain-based initial coin distribution},
url="bitcointalk.org/index.php?topic=563972.0",
year=2014
}

@misc{PreSpinoff,
author={go1111111},
title={Any coin that replaces {B}itcoin will use the {B}itcoin blockchain},
url="bitcointalk.org/index.php?topic=367885.0",
year=2013
}

@misc{ProofWiki,
author={The Proof Wiki Contributors},
title={{\tt{proofwiki.org}}}
}

@misc{ProofMarket,
author={Kazuhiko Sakaguchi},
title={{\tt{proofmarket.org}}}
}

@misc{ProofPeer,
author={Seven Obua, Jacques Fleuriot, Phil Scott, David Aspinall},
title={ProofPeer: Collaborative Theorem Proving},
year=2014,
url={proofpeer.net}
}

@misc{WoodEtheriumYellow,
author={Gavin Wood},
title={Ethereum: a secure decentralised generalised transaction ledger},
note={Final draft -- under review},
url={gavwood.com/Paper.pdf}
}

@inproceedings{QED,
author={Anonymous},
title={The {QED} {M}anifesto},
booktitle={CADE},
editor = {Bundy, Alan},
pages={238-251},
publisher={Springer},
series={Lecture Notes in Computer Science},
volume=814,
year=1994
}

@misc{Flyspeck,
author={Thomas Hales},
title={The Flyspeck Project},
url={code.google.com/p/flyspeck}
}

@misc{Flyspeck2015,
author={Thomas Hales and Mark Adams and Gertrud Bauer and Dat Tat Dang and Truong Le Hoang and Cezary Kaliszyk and Victor Magron and Sean McLaughlin and Thang Tat Nguyen and Truong Quang Nguyen and Tobias Nipkow and Steven Obua and Joseph Pleso and Jason Rute and Alexey Solovyev and An Hoai Thi Ta and Trung Nam Tran and Diep Thi Trieu and Josef Urban and Ky Khac Vu and Roland Zumkeller},
title={A formal proof of the {K}epler Conjecture},
year=2015
}

@misc{WiedijkEstimating,
author={Freek Wiedijk},
title={Estimating the {C}ost of a {S}tandard {L}ibrary for a {M}athematical {P}roof {C}hecker},
url={www.cs.ru.nl/\~freek/notes/mathstdlib2.pdf}
}

@incollection{Wiedijk2009,
author={Freek Wiedijk},
title={Statistics on digital libraries of mathematics},
booktitle={Computer Reconstruction of the Body of Mathematics},
year=2009,
series={Studies in Logic Grammar and Rhetoric},
volume={18(31)},
publisher={The University of Bia{\l}ystok, Poland}
}

@book{Frege93,
author={Frege, G.},
title={Grundgesetze der {A}rithmetik},
address={Jena},
publisher={Verlag Hermann Pohle},
volume={I},
year={1893}
}

@book{PrincipiaMathematica,
author={Whitehead, A. N. and Russell, B.},
year={1910$^1$, 1927$^2$},
title={Principia Mathematica},
publisher={Cambridge University Press}
}

@book{HilbertAckermann28,
author={Hilbert, D. and Ackermann, W.},
title={Grundz\"uge der {T}heoretischen {L}ogik},
publisher={Springer Verlag},
address={Berlin},
year={1928}
}

@inproceedings{Gonthier2013,
  author    = {Georges Gonthier and
               Andrea Asperti and
               Jeremy Avigad and
               Yves Bertot and
               Cyril Cohen and
               Fran{\c{c}}ois Garillot and
               St{\'{e}}phane Le Roux and
               Assia Mahboubi and
               Russell O'Connor and
               Sidi Ould Biha and
               Ioana Pasca and
               Laurence Rideau and
               Alexey Solovyev and
               Enrico Tassi and
               Laurent Th{\'{e}}ry},
  title     = {A Machine-Checked Proof of the Odd Order Theorem},
  booktitle = {Interactive Theorem Proving - 4th International Conference, {ITP}
               2013, Rennes, France, July 22-26, 2013. Proceedings},
  pages     = {163--179},
  year      = {2013},
  crossref  = {DBLP:conf/itp/2013},
  url       = {http://dx.doi.org/10.1007/978-3-642-39634-2_14},
  doi       = {10.1007/978-3-642-39634-2_14},
  timestamp = {Wed, 24 Jul 2013 20:48:35 +0200},
  biburl    = {http://dblp.uni-trier.de/rec/bib/conf/itp/GonthierAABCGRMOBPRSTT13},
  bibsource = {dblp computer science bibliography, http://dblp.org}
}

@proceedings{DBLP:conf/itp/2013,
  editor    = {Sandrine Blazy and
               Christine Paulin{-}Mohring and
               David Pichardie},
  title     = {Interactive Theorem Proving - 4th International Conference, {ITP}
               2013, Rennes, France, July 22-26, 2013. Proceedings},
  series    = {Lecture Notes in Computer Science},
  volume    = {7998},
  publisher = {Springer},
  year      = {2013},
  url       = {http://dx.doi.org/10.1007/978-3-642-39634-2},
  doi       = {10.1007/978-3-642-39634-2},
  isbn      = {978-3-642-39633-5},
  timestamp = {Thu, 25 Mar 4460326 21:41:36 +},
  biburl    = {http://dblp.uni-trier.de/rec/bib/conf/itp/2013},
  bibsource = {dblp computer science bibliography, http://dblp.org}
}

@inproceedings{Gonthier2007,
  author    = {Georges Gonthier},
  title     = {The Four Colour Theorem: Engineering of a Formal Proof},
  booktitle = {Computer Mathematics, 8th Asian Symposium, {ASCM} 2007, Singapore,
               December 15-17, 2007. Revised and Invited Papers},
  pages     = {333},
  year      = {2007},
  crossref  = {DBLP:conf/ascm/2007},
  url       = {http://dx.doi.org/10.1007/978-3-540-87827-8_28},
  doi       = {10.1007/978-3-540-87827-8_28},
  timestamp = {Thu, 23 Oct 2008 14:03:27 +0200},
  biburl    = {http://dblp.uni-trier.de/rec/bib/conf/ascm/Gonthier07},
  bibsource = {dblp computer science bibliography, http://dblp.org}
}

@proceedings{DBLP:conf/ascm/2007,
  editor    = {Deepak Kapur},
  title     = {Computer Mathematics, 8th Asian Symposium, {ASCM} 2007, Singapore,
               December 15-17, 2007. Revised and Invited Papers},
  series    = {Lecture Notes in Computer Science},
  volume    = {5081},
  publisher = {Springer},
  year      = {2008},
  isbn      = {978-3-540-87826-1},
  timestamp = {Mon, 29 Aug 4443960 20:48:32 +nce},
  biburl    = {http://dblp.uni-trier.de/rec/bib/conf/ascm/2007},
  bibsource = {dblp computer science bibliography, http://dblp.org}
}

@misc{ProofOfStakeDefinite,
author={Mike Croteau and Emir Litranab},
title={Proof of Stake: Definite. An implementation of constant staking rewards to promote increased network activity},
month=aug,
year=2014
}

@misc{Poelstra2014,
author={Andrew Poelstra},
title={Distributed Consensus from Proof of Stake is Impossible},
note={download.wpsoftware.net/bitcoin/pos.pdf},
month=may,
year=2014
}

@inproceedings{MillerJSPK14,
  author    = {Andrew Miller and
               Ari Juels and
               Elaine Shi and
               Bryan Parno and
               Jonathan Katz},
  title     = {Permacoin: Repurposing Bitcoin Work for Data Preservation},
  booktitle = {2014 {IEEE} Symposium on Security and Privacy, {SP} 2014, Berkeley,
               CA, USA, May 18-21, 2014},
  pages     = {475--490},
  year      = {2014},
  crossref  = {DBLP:conf/sp/2014},
  url       = {http://dx.doi.org/10.1109/SP.2014.37},
  doi       = {10.1109/SP.2014.37},
  timestamp = {Tue, 02 Dec 2014 18:47:29 +0100},
  biburl    = {http://dblp.uni-trier.de/rec/bib/conf/sp/MillerJSPK14},
  bibsource = {dblp computer science bibliography, http://dblp.org}
}

@proceedings{DBLP:conf/sp/2014,
  title     = {2014 {IEEE} Symposium on Security and Privacy, {SP} 2014, Berkeley,
               CA, USA, May 18-21, 2014},
  publisher = {{IEEE} Computer Society},
  year      = {2014},
  url       = {http://ieeexplore.ieee.org/xpl/mostRecentIssue.jsp?punumber=6954656},
  isbn      = {978-1-4799-4686-0},
  timestamp = {Tue, 02 Dec 2014 18:47:29 +0100},
  biburl    = {http://dblp.uni-trier.de/rec/bib/conf/sp/2014},
  bibsource = {dblp computer science bibliography, http://dblp.org}
}



@inproceedings{Gordon96,
  author    = {Michael J. C. Gordon},
  title     = {Set Theory, Higher Order Logic or Both?},
  booktitle = {Theorem Proving in Higher Order Logics, 9th International Conference,
               TPHOLs'96, Turku, Finland, August 26-30, 1996, Proceedings},
  pages     = {191--201},
  year      = {1996},
  crossref  = {DBLP:conf/tphol/1996},
  url       = {http://dx.doi.org/10.1007/BFb0105405},
  doi       = {10.1007/BFb0105405},
  timestamp = {Tue, 29 Sep 2009 11:07:49 +0200},
  biburl    = {http://dblp.uni-trier.de/rec/bib/conf/tphol/Gordon96},
  bibsource = {dblp computer science bibliography, http://dblp.org}
}

@proceedings{DBLP:conf/tphol/1996,
  editor    = {Joakim von Wright and
               Jim Grundy and
               John Harrison},
  title     = {Theorem Proving in Higher Order Logics, 9th International Conference,
               TPHOLs'96, Turku, Finland, August 26-30, 1996, Proceedings},
  series    = {Lecture Notes in Computer Science},
  volume    = {1125},
  publisher = {Springer},
  year      = {1996},
  isbn      = {3-540-61587-3},
  timestamp = {Thu, 03 Jan 2002 12:10:28 +0100},
  biburl    = {http://dblp.uni-trier.de/rec/bib/conf/tphol/1996},
  bibsource = {dblp computer science bibliography, http://dblp.org}
}



@inproceedings{Gordon91,
  author    = {Michael J. C. Gordon},
  title     = {Introduction to the {HOL} System},
  booktitle = {Proceedings of the 1991 International Workshop on the {HOL} Theorem
               Proving System and its Applications, August 1991, Davis, California,
               {USA}},
  pages     = {2--3},
  year      = {1991},
  crossref  = {DBLP:conf/tphol/1991},
  timestamp = {Wed, 17 Apr 2002 08:13:51 +0200},
  biburl    = {http://dblp.uni-trier.de/rec/bib/conf/tphol/Gordon91},
  bibsource = {dblp computer science bibliography, http://dblp.org}
}

@proceedings{DBLP:conf/tphol/1991,
  editor    = {Myla Archer and
               Jeffrey J. Joyce and
               Karl N. Levitt and
               Phillip J. Windley},
  title     = {Proceedings of the 1991 International Workshop on the {HOL} Theorem
               Proving System and its Applications, August 1991, Davis, California,
               {USA}},
  publisher = {{IEEE} Computer Society},
  year      = {1992},
  timestamp = {Wed, 17 Apr 2002 08:13:51 +0200},
  biburl    = {http://dblp.uni-trier.de/rec/bib/conf/tphol/1991},
  bibsource = {dblp computer science bibliography, http://dblp.org}
}

@INPROCEEDINGS{harrison-hollight,
        author          = "John Harrison",
        title           = "{HOL} {L}ight: An Overview",
        editor          = "Stefan Berghofer and Tobias Nipkow and
                           Christian Urban and Makarius Wenzel",
        booktitle       = "Proceedings of the 22nd International Conference on
                           Theorem Proving in Higher Order Logics,
                           TPHOLs 2009",
        address         = "Munich, Germany",
        year            = 2009,
        publisher       = "Springer-Verlag",
        series          = "Lecture Notes in Computer Science",
        volume          = 5674,
        pages           = "60--66"}

@Book{Nipkow-Paulson-Wenzel:2002,
  author	= {Tobias Nipkow and Lawrence C. Paulson and Markus Wenzel},
  title		= {Isabelle/HOL --- A Proof Assistant for Higher-Order Logic},
  publisher	= {Springer},
  series	= {LNCS},
  volume	= 2283,
  year		= 2002}

@misc{AFP,
title={Archive of {F}ormal {P}roofs},
url = {afp.sourceforge.net}
}

@misc{ssreflectmathComponents,
title={Mathematical Components},
url={www.msr-inria.fr/projects/mathematical-components-2}
}

@INPROCEEDINGS{RudnickiTrybulec2001,
    author = {Piotr Rudnicki and Andrzej Trybulec},
    title = {Mathematical Knowledge Management in MIZAR},
    booktitle = {Proc. of MKM 2001},
    year = {2001}
}

@inproceedings{ckfr-cicm14,
  author =       {Cezary Kaliszyk and Florian Rabe},
  title =        {Towards Knowledge Management for {HOL L}ight},
  booktitle = {Proc. of the 7th Conference on Intelligent Computer Mathematics (CICM'14)},
  editor = {Stephen Watt and James Davenport and Alan Sexton and Petr Sojka and Josef Urban},
  series = {LNCS},
  volume    = {8543},
  pages = {357-372},
  year =         2014,
  doi = {10.1007/978-3-319-08434-3_26},
  publisher = {Springer Verlag},
}


@inproceedings{tgck-cicm14,
  author =       {Thibault Gauthier and Cezary Kaliszyk},
  title =        {Matching concepts across {HOL} libraries},
  booktitle = {Proc. of the 7th Conference on Intelligent Computer Mathematics (CICM'14)},
  editor = {Stephen Watt and James Davenport and Alan Sexton and Petr Sojka and Josef Urban},
  series = {LNCS},
  volume    = {8543},
  pages = {267-281},
  year =         2014,
  doi = {10.1007/978-3-319-08434-3_20},
  publisher = {Springer Verlag}
}

@inproceedings{ckju-cade13,
  author =       {Cezary Kaliszyk and Josef Urban},
  title =        {{PRocH}: Proof Reconstruction for {HOL Light}},
  url = {http://cl-informatik.uibk.ac.at/users/cek/docs/13/ckju-cade13.pdf},
  booktitle = {Proc. of the 24th International Conference on Automated Deduction},
  publisher = {Springer Verlag},
  series    = {LNCS},
  volume    = {7898},
  pages = {267-274},
  year = {2013},
  editor = {Maria Paola Bonacina},
}


@inproceedings{ckak-itp13,
  author =       {Cezary Kaliszyk and Alexander Krauss},
  title =        {Scalable {LCF}-style proof translation},
  url = {http://cl-informatik.uibk.ac.at/users/cek/docs/13/ckak-itp13.pdf},
  ee        = {http://dx.doi.org/10.1007/978-3-642-39634-2_7},
  booktitle = {Proc. of the 4th International Conference on Interactive Theorem Proving (ITP'13)},
  publisher = {Springer Verlag},
  series    = {LNCS},
  volume    = {7998},
  pages = {51-66},
  year = {2013},
  editor = {Sandrine Blazy and Christine Paulin-Mohring and David Pichardie},
}

@article{Church40,
   Author = {Church, Alonzo},
   Title = {A Formulation of the Simple Theory of Types},
   Journal = {J. Symb. Log},
   Volume = {5},
   Number = {2},
   Pages = {56--68},
   Year = {1940}
}

@ARTICLE{deBruijn72,
    author = {N. G. De Bruijn},
    title = {Lambda calculus notation with nameless dummies, a tool for automatic formula manipulation, with application to the Church-Rosser Theorem},
    journal = {INDAG. MATH},
    year = {1972},
    volume = {34},
    pages = {381--392}
}

@INPROCEEDINGS{Norell08,
    author = {Ulf Norell},
    title = {Dependently typed programming in Agda},
    booktitle = {In Lecture Notes from the Summer School in Advanced Functional Programming},
    year = {2008}
}

@article{Gonthier2010,
  TITLE = {{An introduction to small scale reflection in Coq}},
  AUTHOR = {Gonthier, Georges and Mahboubi, Assia},
  URL = {https://hal.inria.fr/inria-00515548},
  JOURNAL = {{Journal of Formalized Reasoning}},
  PUBLISHER = {{ASDD-AlmaDL}},
  VOLUME = {3},
  NUMBER = {2},
  PAGES = {95-152},
  YEAR = {2010},
  PDF = {https://hal.inria.fr/inria-00515548/file/main-rr.pdf},
  HAL_ID = {inria-00515548},
  HAL_VERSION = {v4},
}

@INPROCEEDINGS{Miller2014gpads,
  AUTHOR = {Andrew Miller and Michael Hicks and Jonathan Katz and Elaine Shi},
  TITLE = {Authenticated Data Structures, Generically},
  BOOKTITLE = {Proceedings of the {ACM} Conference on Principles of Programming Languages (POPL)},
  MONTH = JAN,
  YEAR = 2014
}

@misc{White2015a,
author={Bill White},
title={Formal {I}dealizations of {C}ryptographic {H}ashing},
year=2015
}

@misc{White2015b,
author={Bill White},
title={A {T}heory for {L}ightweight {C}ryptocurrency {L}edgers},
year=2015
}

@misc{White2015c,
author={Bill White},
title={Qeditas: A Formal Library as a Bitcoin Spin-Off},
year=2015
}


@inproceedings{ripemd160,
  author    = {Hans Dobbertin and Antoon Bosselaers and Bart Preneel},
  title     = {RIPEMD-160: A Strengthened Version of RIPEMD},
  pages     = {71-82},
  editor    = {Dieter Gollmann},
  booktitle = {FSE},
  publisher = {Springer},
  series    = {LNCS},
  volume    = {1039},
  year      = {1996},
  isbn      = {3-540-60865-6},
  abstract  = {Cryptographic hash functions are an important tool in cryptography
               for applications such as digital ﬁngerprinting of messages, message 
               authentication, and key derivation. During the last ﬁve years, several
               fast software hash functions have been proposed; most of them are based
               on the design principles of Ron Rivest’s MD4. One such proposal was RIPEMD,
               which was developed in the framework of the EU project RIPE (Race Integrity Primitives Evaluation).
               Because of recent progress in the cryptanalysis of these hash functions, we 
               propose a new version of RIPEMD with a 160-bit result, as well as a plug-in 
               substitute for RIPEMD with a 128-bit result. We also compare the software 
               performance of several MD4-based algorithms, which is of independent interest.},
  url      = {http://homes.esat.kuleuven.be/~cosicart/pdf/AB-9601/AB-9601.pdf}
}

@misc{sha256,
author={NIST},
title = {{FIPS} 180-4: {S}ecure {H}ash {S}tandard ({SHS})},
year=2012,
month=March
}
